<record><leader>00000cas a22000007a 4500</leader><controlfield tag="001">21357640</controlfield><controlfield tag="008">900411d1870187upauwr ne      0    0eng d</controlfield><datafield ind1=" " ind2=" " tag="010"><subfield code="a">sn 90069165 </subfield></datafield><datafield ind1=" " ind2=" " tag="040"><subfield code="a">NPH</subfield><subfield code="b">eng</subfield><subfield code="c">NPH</subfield><subfield code="d">OCLCQ</subfield></datafield><datafield ind1=" " ind2=" " tag="042"><subfield code="a">msc</subfield></datafield><datafield ind1="0" ind2=" " tag="130"><subfield code="a">News-item (Glen Rock, Pa.)</subfield></datafield><datafield ind1="1" ind2="4" tag="245"><subfield code="a">The News-item.</subfield></datafield><datafield ind1=" " ind2=" " tag="260"><subfield code="a">Glen Rock, Pa. :</subfield><subfield code="b">Smith &amp; Nichols,</subfield><subfield code="c">1870-</subfield></datafield><datafield ind1=" " ind2=" " tag="300"><subfield code="a">v.</subfield></datafield><datafield ind1=" " ind2=" " tag="310"><subfield code="a">Weekly</subfield></datafield><datafield ind1="0" ind2=" " tag="362"><subfield code="a">Vol. 1, no. 1 (June 30, 1870)-</subfield></datafield><datafield ind1=" " ind2=" " tag="752"><subfield code="a">United States</subfield><subfield code="b">Pennsylvania</subfield><subfield code="c">York</subfield><subfield code="d">Glen Rock.</subfield></datafield><datafield ind1="0" ind2="0" tag="785"><subfield code="t">Glen Rock item (Glen Rock, Pa. : 1873)</subfield><subfield code="w">(DLC)sn 83031725</subfield></datafield></record>